@article{mozillaVision,
	title={Mozillaâ€™s vision for the evolution of the Web},
	year={2022},
	url={https://webvision.mozilla.org/full/}
}

@online{lombokConstructorDocumentation,
	title = {@NoArgsConstructor, @RequiredArgsConstructor, @AllArgsConstructor},
	date = {2022},
	url = {https://projectlombok.org/features/constructor},
}

@online{converterDocumentation,
	title = {@Converter},
	date = {2022},
	url = {https://jakarta.ee/specifications/persistence/2.2/apidocs/javax/persistence/converter},
}

@online{jpaRepositoryDocumentation,
	title = {JpaRepository},
	date = {2022},
	url = {https://docs.spring.io/spring-data/jpa/docs/current/api/org/springframework/data/jpa/repository/JpaRepository.html},
}
